# Hint: Most bibtex styles change the title to lowercase (except for the first character).
#       In our opinion, this does not make sense - regardless the language --, since the
#       title is a *quote* and should be printed exactly as in the cited paper.
#       Putting the title in brackets (as shown below) prevents this behaviour.


@misc{BScInf:2020,
      title  = "{BSc Informatik: Studienstruktur und -plan, Module}",
      author = "DfI UOL",
      note = {\url{https://uol.de/bsc/informatik/studienstruktur-und-plan}},
      year   = "2020 (accessed Juni 10, 2020)"
    }
    
@misc{SpeInf:2020,
      title  = "{Abteilungen und Einrichtungen}",
      author = "DfI UOL",
      note = {\url{https://uol.de/informatik/department/abteilungen-und-einrichtungen}},
      year   = "2020 (accessed Juni 10, 2020)"
    }
    
@article{Boles:2015,
  author    = "D. Boles",
  title     = "{Leitfaden zur Durchführung von Bachelor-Abschlussarbeiten}",
  note = {\url{https://uol.de/f/2/informatik/download/studium/Leitfaden-Bachelorarbeit.pdf}},
  month     = Apr,
  year      = "2015",
  number    = "2",
  pages     = "1--2"
}

@misc{EHS:2020,
      title  = "{Eingebettete Hardware-/ Software-Systeme: Bachelor-/Masterarbeiten}",
      author = "DfI UOL",
      note = {\url{https://uol.de/ehs/lehre/bachelor-masterarbeiten}},
      year   = "2020 (accessed Juni 10, 2020)"
    }

@article{Watat:2019,
  author    = "Y. Watat",
  title     = "{Matching-basierte Online-Vermittlungsplattform für Abschlussarbeiten am Department für Informatik.}",
  journal   = "IEEE Transactions on Pattern Analysis and Machine Intelligence",
  month     = Nov,
  year      = "2019",
}

@misc{SIPPHP:2020,
      title  = "{Stud.IP Hilfe : Installationseinleitung}",
      author = "Stud.IP",
      note = {\url{https://hilfe.studip.de/admin/Admins/Installationsanleitung}},
      year   = "2020 (accessed Juni 10, 2020)"
    }
    
@misc{SIPOS:2020,
      title  = "{Stud.IP: Keine Lizenzkosten}",
      author = "Stud.IP",
      note = {\url{https://www.studip.de/}},
      year   = "2020 (accessed Juni 10, 2020)"
    }
