@INCOLLECTION{abel03,
  author =      "Andreas Abel and Claus Rautenstrauch",
  title =       "Private Währungen im Internet - Fachkonzept und Einsatzpotenziale",
  editor =      "Wolfgang Uhr and Werner Esswein and Eric Schoop",
  booktitle =   "Wirtschaftsinformatik 2003: Märkte - Medien - Mobilität. Band I",
  edition =     "",
  note =        "9",
  publisher =   "Physica Verlag",
  address =     "Heidelberg",
  year =        "2003",
  pages =       "325-344",
} % Ende des Eintrags

@online{stIP20,
	author = "Suchi and Berg, data-quest GmbH.",
	title = "Testen Sie Stud.IP!",
	year = 2020,
	url = "https://www.studip.de/interessenten/",
	urldate = "2020-11-02",
	note = "Letzter Aufruf: 02.11.2020"
}

@INCOLLECTION{appelrath06,
  author =      "Hans-Jürgen Appelrath and Dietrich Boles and Norbert Kleinefeld and others",
  title =       "Einsatz des Open-Source-Lernmanagementsystems Stud.IP zur Unterstützung der Präsenzlehre der Universität Oldenburg",
  editor =      "Christian Hochberger and Rüdiger Liskowsky",
  booktitle =   "Informatik 2006: Informatik für Menschen",
  edition =     "",
  note =        "",
  publisher =   "Köllen Druck+Verlag",
  address =     "Bonn",
  year =        "2006",
  pages =       "53-58",
} % Ende des Eintrags

@BOOK{back01,
  author =      "Andrea Back and Oliver Bendel and Daniel Stoller-Schai",
  title =       "E-Learning im Unternehmen: Grundlagen - Strategien - Methoden - Technologien",
  edition =     "",
  series =      "",
  note =        "",
  publisher =   "Orell Füssli Verlag",
  address =     "Zürich",
  year =        "2001",
} % Ende des Eintrags

@ARTICLE{bakos91,
  author =      "J. Yannis Bakos",
  title =       "A Strategic Analysis of Electronic Marketplaces",
  editor =      "",
  booktitle =   "MIS Quaterly",
  volume =      "15",
  number =      "3",
  note =        "",
  publisher =   "",
  address =     "",
  month =       "September",
  year =        "1991",
  pages =       "295-310",
} % Ende des Eintrags